<?xml version="1.0" encoding="UTF-8"?><collection xmlns="http://www.loc.gov/MARC21/slim"><record><leader>00871nam--2200217-u-4500</leader><controlfield tag="001">000053413</controlfield><controlfield tag="002">20161230</controlfield><controlfield tag="005">20161230201051</controlfield><controlfield tag="008">110330s1000------------r-----000-0-eng-d</controlfield><datafield ind1=" " ind2=" " tag="020"><subfield code="a">4900528096</subfield></datafield><datafield ind1=" " ind2=" " tag="040"><subfield code="a">IFIN-HH</subfield></datafield><datafield ind1=" " ind2=" " tag="080"><subfield code="a">530.145(061.3)</subfield></datafield><datafield ind1="1" ind2=" " tag="100"><subfield code="a">Tsukada, Masaru</subfield></datafield><datafield ind1="1" ind2="0" tag="245"><subfield code="a">Foundations of quantum mechanics in the light of new technology</subfield><subfield code="b">Preoceedings of the 4th international symposium foundations of quantum mechanics in the light of new technology, central research laboratory, hitachi, ltd. kokubunji tokyo japan august 24-27, 1992</subfield><subfield code="c">Masaru tsukada; shun-ichi kobayashi; susumu kurihara; sadao nomura (eds.)</subfield></datafield><datafield ind1=" " ind2=" " tag="260"><subfield code="a">Tokyo</subfield><subfield code="b">Japanese Journal Of Applied Physics</subfield><subfield code="c">1993</subfield></datafield><datafield ind1=" " ind2=" " tag="300"><subfield code="a">283P</subfield></datafield><datafield ind1=" " ind2=" " tag="490"><subfield code="a">Jjap Sries 9</subfield></datafield><datafield ind1="1" ind2=" " tag="700"><subfield code="a">Kurihara, Susumu</subfield><subfield code="e">Ed</subfield></datafield><datafield ind1=" " ind2=" " tag="700"><subfield code="a">Nomura, Sadao</subfield><subfield code="e">Ed</subfield></datafield><datafield ind1=" " ind2=" " tag="852"><subfield code="a">81056</subfield><subfield code="c">530.145</subfield></datafield><datafield ind1=" " ind2=" " tag="CAT"><subfield code="a">Sys</subfield><subfield code="c">20110330</subfield><subfield code="h">162255</subfield></datafield></record></collection>